@webpage{GnuPG,
  author =       "Werner Koch and Nils Ellmenreich and Mike Ashley and Lorenzo Cappelletti and David Shaw and Ben McGinnes",
  title =        "The GNU Privacy Guard",
  howpublished = "online",
  publisher =    "The GnuPG Project",
  year =         "2019",
  url =          "https://gnupg.org/",
  cited =        "2019-12-25"
}

@webpage{RFC4880,
  author =       "Derek Atkins and Jon Callas and Lutz Donnerhacke and Hal Finney and David Shaw and Rodney Thayer",
  title =        "OpenPGP Message Format",
  howpublished = "online",
  publisher =    "IHTFP Consulting, Inc.",
  year =         "2007",
  url =          "https://www.ietf.org/rfc/rfc4880.txt",
  cited =        "2019-12-26"
}

@webpage{OpenPGPjs,
  author =       "OpenPGP.js",
  title =        "OpenPGP.js",
  howpublished = "online",
  publisher =    "ProtonMail",
  year =         "2019",
  url =          "https://openpgpjs.org/",
  cited =        "2019-12-29"
}

@webpage{KGpg,
  author =       "{\relax KDE Utilities}",
  title =        "KGpg",
  howpublished = "online",
  publisher =    "KDE Utilities",
  year =         "2019",
  url =          "https://utils.kde.org/projects/kgpg/",
  cited =        "2019-12-30"
}

@webpage{gpgAccess,
  author =       "Fabian Lee",
  title =        "Linux: Using GPG encrypted credentials for enhanced security",
  howpublished = "online",
  publisher =    "Fabian Lee",
  year =         "2018",
  url =          "https://fabianlee.org/2018/10/30/linux-using-gpg-encrypted-credentials-for-enhanced-security/",
  cited =        "2020-01-04"
}

@webpage{chromeExtensions,
  author =       "{\relax Google Developers}",
  title =        "What are extensions?",
  howpublished = "online",
  publisher =    "chrome",
  url =          "https://developer.chrome.com/extensions",
  cited =        "2020-01-05"
}

@webpage{firefoxExtensions,
  author =       "{\relax Mozilla Contributors}",
  title =        "Browser Extensions",
  howpublished = "online",
  publisher =    "Mozilla",
  year =         "2019",
  url =          "https://developer.mozilla.org/en-US/docs/Mozilla/Add-ons/WebExtensions",
  cited =        "2020-01-05"
}

@webpage{firefoxAboutExtensios,
  author =       "{\relax Mozilla Contributors}",
  title =        "What are extensions?",
  howpublished = "online",
  publisher =    "Mozilla",
  year =         "2019",
  url =          "https://developer.mozilla.org/en-US/docs/Mozilla/Add-ons/WebExtensions/What_are_WebExtensions",
  cited =        "2020-01-05"
}

@webpage{extensionAnatomy,
  author =       "{\relax Mozilla Contributors}",
  title =        "Anatomy of an extension",
  howpublished = "online",
  publisher =    "Mozilla",
  year =         "2019",
  url =          "https://developer.mozilla.org/en-US/docs/Mozilla/Add-ons/WebExtensions/Anatomy_of_a_WebExtension",
  cited =        "2020-01-05"
}

@webpage{extensionIcnos,
  author =       "{\relax Mozilla Contributors}",
  title =        "icons",
  howpublished = "online",
  publisher =    "Mozilla",
  year =         "2019",
  url =          "https://developer.mozilla.org/en-US/docs/Mozilla/Add-ons/WebExtensions/manifest.json/icons",
  cited =        "2020-01-05"
}

@webpage{extensionContentScripts,
  author =       "{\relax Mozilla Contributors}",
  title =        "Content scripts",
  howpublished = "online",
  publisher =    "Mozilla",
  year =         "2019",
  url =          "https://developer.mozilla.org/en-US/docs/Mozilla/Add-ons/WebExtensions/Content_scripts",
  cited =        "2020-01-05"
}

@webpage{extensionWebAccessibleResources,
  author =       "{\relax Mozilla Contributors}",
  title =        "web\_accessible\_resources",
  howpublished = "online",
  publisher =    "Mozilla",
  year =         "2019",
  url =          "https://developer.mozilla.org/en-US/docs/Mozilla/Add-ons/WebExtensions/manifest.json/web_accessible_resources",
  cited =        "2020-01-05"
}

@webpage{extensionNativeMessaging,
  author =       "{\relax Mozilla Contributors}",
  title =        "Native messaging",
  howpublished = "online",
  publisher =    "Mozilla",
  year =         "2019",
  url =          "https://developer.mozilla.org/en-US/docs/Mozilla/Add-ons/WebExtensions/Native_messaging",
  cited =        "2020-01-06"
}

@webpage{topPages,
  author =       "{Joshua Hardwick}",
  title =        "Top 100 Most Visited Websites by Search Traffic (as of 2020)",
  howpublished = "online",
  publisher =    "Ahrefs Pte Ltd.",
  year =         "2020",
  url =          "https://ahrefs.com/blog/most-visited-websites/",
  cited =        "2020-07-21"
}
